@article {
    2,
    title = {The Lean theorem prover (system description)},
    author = {Leonardo de Moura and Soonho Kong and Jeremy Avigad and Floris Van Doorn and Jakob von Raumer},
    year = {2015},
    journal = {International Conference on Automated Deduction},
}

@book {
    1,
    title = {The Art of Computer Programming},
    author = {Donald Knuth},
    year = {1998},
    edition = {2},
    publisher = {Addison-Wesley},
}


@ARTICLE{3,
       author = {{mathlib Community}, The},
        title = "{The Lean mathematical library}",
      journal = {arXiv e-prints},
     keywords = {Computer Science - Logic in Computer Science, Mathematics - Logic},
         year = 2019,
        month = oct,
          eid = {arXiv:1910.09336},
        pages = {arXiv:1910.09336},
archivePrefix = {arXiv},
       eprint = {1910.09336},
 primaryClass = {cs.LO},
       adsurl = {https://ui.adsabs.harvard.edu/abs/2019arXiv191009336M},
      adsnote = {Provided by the SAO/NASA Astrophysics Data System}
}

@book {
     hitchhiker,
     author = {Aasidoa Baanen and a and b and c and d and e and f},
     title = {The Hitchhiker's Guide to Logical Verification},
     year = {2020},
     month = apr,
}

@book {pierce,
    author = {Pierce, Benjamin C.},
    title = {Types and Programming Languages},
    year = {2002},
    publisher = {The MIT Press},
    edition = {1st},
}

@article {geuvers,
    author = {Herman Geuvers},
    title = {Proof assistants: History, ideas and future},
    year = {2009},
    journal = {Sadhana},
}

@article{metaprog,
  author    = {Gabriel Ebner and
               Sebastian Ullrich and
               Jared Roesch and
               Jeremy Avigad and
               Leonardo de Moura},
  title     = {A metaprogramming framework for formal verification},
  journal   = {Proc. {ACM} Program. Lang.},
  volume    = {1},
  number    = {{ICFP}},
  pages     = {34:1--34:29},
  year      = {2017},
  url       = {https://doi.org/10.1145/3110278},
  doi       = {10.1145/3110278},
  timestamp = {Wed, 17 Feb 2021 08:53:58 +0100},
  biburl    = {https://dblp.org/rec/journals/pacmpl/EbnerURAM17.bib},
  bibsource = {dblp computer science bibliography, https://dblp.org}
}

@inproceedings{typesAtWork,
author = {Bove, Ana and Dybjer, Peter},
year = {2008},
month = {01},
pages = {57-99},
title = {Dependent Types at Work},
isbn = {978-3-642-03152-6},
doi = {10.1007/978-3-642-03153-3_2}
}
